%%%%%%%%%%%%%%%%%%
%%%  EACL 2013 %%%
%%%%%%%%%%%%%%%%%%

@inproceedings{Rizzo2012,
  author = {Rizzo, Giuseppe and Steiner, Thomas and Troncy, Rapha\"{e}l and Verborgh, Ruben and Redondo Garc\'{\i}a, Jos{\'e} Luis and Van de Walle, Rik},
  title = {{What Fresh Media Are You Looking For? Retrieving Media Items from Multiple Social Networks}},
  booktitle = {International Workshop on Socially-aware multimedia (SAM'12)},
  year = {2012},
  address = {Nara, Japan}
}

@InProceedings{Rizzo2012b,
  author    = {Rizzo, Giuseppe  and  Troncy, Raphael},
  title     = {{NERD: A Framework for Unifying Named Entity Recognition and Disambiguation Extraction Tools}},
  booktitle = {13$^{th}$ Conference of the European Chapter of the Association for Computational Linguistics (EACL'12)},
  year      = {2012},
  address   = {Avignon, France},
}

@InProceedings{Milicic2013,
  author    = {Milicic, Vuk  and  Rizzo, Giuseppe and Redondo Garcia, Jose Luis and Troncy, Raphael and Steiner, Thomas},
  title     = {{Live Topic Generation from Event Streams}},
  booktitle = {22$^{nd}$ International World Wide Web Conference (WWW'13)},
  year      = {2013},
  address   = {Rio de Janeiro, Brazil},
}
